% Encoding: UTF-8

@Online{Wilk2015,
  author = {Alyssa Wilk and Ryan Hamilton and Ian Swett},
  date   = {2015-04-17},
  title  = {A {QUIC} update on {Googleâ€™s} experimental transport},
  url    = {https://blog.chromium.org/2015/04/a-quic-update-on-googles-experimental.html},
}

@Online{Tellakula2020,
  author = {Sreeni Tellakula},
  date   = {2020-04-14},
  title  = {Comparing HTTP/3 vs. HTTP/2 Performance},
  url    = {https://blog.cloudflare.com/http-3-vs-http-2/},
}

@Comment{jabref-meta: databaseType:biblatex;}
